% Bibliografía

% Este fichero contiene la bibliografía de la memoria
% Está en un formato que se conoce como BibTex.
% Hay muchos sitios web que exportan referencias en formato BibTeX. 
% Prueba a buscar en http://scholar.google.com por referencias
% y verás que lo puedes hacer de manera sencilla.
% Más información: 
% http://texblog.org/2014/04/22/using-google-scholar-to-download-bibtex-citations/

% Existen varias posibilidades para referenciar diferentes tipos de documentos,
% ya que los datos necesarios varían. Así, existen formatos de entrada para
%     * libros (book)
%     * artículos en revistas de investigación (article)
%     * capítulos de libro (incollection)
%     * informes técnicos (techreport)
%     * otros (misc)
%
% Las páginas web deberían ir como misc.

% Una última cosa: no referencias nunca la WikiPedia
% La WikiPedia, como buena enciclopedia, no es fuente primaria.
% Si acaso, busca por citas en la WikiPedia (que sí ha de referenciar fuentes
% primarias) y haz referencia a las mismas.

@Book{book:_basic_computer_graphics,
  author = 	 {Jonh F. Hughes, Andries Van Dam, Morgan Mcguire},
  title = 	 {Computer Graphics Principles and Practice 3th},
  publisher = 	 {Addison-Wesley},
  url = http://dl.booktolearn.com/ebooks2/computer/graphics/9780321399526_computer_graphics_594b.pdf,
  month =	 mar,
  year = 	 2013
}

@Article{art:_blinn1976texture,
    author = {Blinn, Jim},
    title = {Texture and Reflection in Computer Generated Images},
    year = {1976},
    month = {October},
    publisher = {Association for Computing Machinery, Inc.},
    url = {https://www.microsoft.com/en-us/research/publication/texture-and-reflection-in-computer-generated-images/},
    journal = {Communications of the ACM},
    volume = {19},
    number = {10}
}

@Article {illumination:_developer_survey,
  author = 	 {W. Newman},
  title = 	 {Illumination for Computer Generated Pictures},
  institution =  {University of Utah},
  year = 	 1975,
  address =	 {United States},
  month =	 mar,
  url = {https://users.cs.northwestern.edu/~ago820/cs395/Papers/Phong_1975.pdf}
}

@Article {blend:_alpha_factor,
  author = 	 {Sudipta Maji Asoke Nath},
  title = 	 {Scope and Issues in Alpha Compositing Technology},
  institution =  {International Journal of Innovative Research in Advanced Engineering (IJIRAE)},
  year = 	 2015,
  address =	 {United States},
  month =	 jan,
  url = {https://www.researchgate.net/publication/288838744_Scope_and_Issues_in_Alpha_Compositing_Technology/link/5686a63208ae197583975758/download}
}

@Book{book:_opengl,
    author = 	 {Dave Shreiner, Graham Sellers, John Kessenich and Bill Licea-Kane},
    title = 	 {OpenGL Programming Guide 8th},
    publisher = 	 {The Khronos OpenGL ARB Working Group},
    month =	 mar,
    year = 	 2013
}

@Book{book:rendering,
    author = {Alan Watt and Mark Watt},
    title = {Advanced Animation and Rendering Techniques},
    publisher = {Addison- Wesley},
    month = Nov,
    year = 1992
}

@Book{book:_directX,
  author = {Frank D. Luna},
  title = {Introduction to 3D Game Programming With DirectX® 12},
  publisher = {David Pallai},
  year = 2016
}

@Book{book:_vulkan,
  author = {Mike Bailey},
  title = {Introduction to Computer Graphics and the Vulkan API 3th},
  publisher = {Addison-Wesley},
  year = 2017
}

@Book{unity:_manual,
  author = 	 {Unity},
  title = 	 {Unity Manual},
  publisher = 	 {Unity},
  year = 	 2019
}

@Book{blender:_manual,
    author = 	 {Blender},
    title = 	 {Blender Manual},
    publisher = 	 {Blender},
    year = 	 2019
}

@Book{vulkan:_system,
    author = {Matthew Wellings},
    title = {The new Vulkan Coordinate System},
    publisher = {Vulkan},
    year = 2016
}

@Book{opengl:_learn_opengl,
    author = {Joey de Vries},
    title = {LearnOpenGL},
    month = jun,
    year = 2014
}

@Misc {glm:_manual,
  author = 	 {Christophe Riccio},
  title = 	 {GLM Manual},
  year = 	 2016,
  month =	 sep,
  note =	 {\\ http://glm.g-truc.net/glm.pdf}
}